<record><leader>00000cas a22000007a 4500</leader><controlfield tag="001">22620466</controlfield><controlfield tag="008">901102c19549999mnucr ne      0    0eng d</controlfield><datafield ind1=" " ind2=" " tag="010"><subfield code="a">sn 90060633 </subfield></datafield><datafield ind1=" " ind2=" " tag="040"><subfield code="a">MN#</subfield><subfield code="b">eng</subfield><subfield code="c">MN#</subfield><subfield code="d">OCLCQ</subfield><subfield code="d">OCLCF</subfield><subfield code="d">OCLCO</subfield></datafield><datafield ind1="1" ind2=" " tag="029"><subfield code="a">AU@</subfield><subfield code="b">000025909299</subfield></datafield><datafield ind1=" " ind2=" " tag="042"><subfield code="a">msc</subfield></datafield><datafield ind1=" " ind2=" " tag="043"><subfield code="a">n-us-mn</subfield></datafield><datafield ind1=" " ind2=" " tag="052"><subfield code="a">4144</subfield><subfield code="b">P2</subfield></datafield><datafield ind1=" " ind2=" " tag="052"><subfield code="a">4143</subfield><subfield code="b">H8</subfield></datafield><datafield ind1="0" ind2=" " tag="130"><subfield code="a">Park Rapids enterprise (Park Rapids, Minn. : 1954)</subfield></datafield><datafield ind1="1" ind2="0" tag="245"><subfield code="a">Park Rapids enterprise.</subfield></datafield><datafield ind1="1" ind2="3" tag="246"><subfield code="a">Park Rapids enterprise and Hubbard County journal</subfield></datafield><datafield ind1=" " ind2=" " tag="260"><subfield code="a">Park Rapids, Minn. :</subfield><subfield code="b">Enterprise Pub. Co.,</subfield><subfield code="c">1954-</subfield></datafield><datafield ind1=" " ind2=" " tag="300"><subfield code="a">v.</subfield></datafield><datafield ind1=" " ind2=" " tag="310"><subfield code="a">Semiweekly,</subfield><subfield code="b">June 5, 1972-</subfield></datafield><datafield ind1=" " ind2=" " tag="321"><subfield code="a">Weekly,</subfield><subfield code="b">Dec. 23, 1954-June 1, 1972</subfield></datafield><datafield ind1="0" ind2=" " tag="362"><subfield code="a">Vol. 73, no. 26 (Dec. 23, 1954)-</subfield></datafield><datafield ind1=" " ind2=" " tag="530"><subfield code="a">Available on microfilm from the Minnesota Historical Society.</subfield></datafield><datafield ind1=" " ind2="0" tag="651"><subfield code="a">Park Rapids (Minn.)</subfield><subfield code="v">Newspapers.</subfield></datafield><datafield ind1=" " ind2="7" tag="655"><subfield code="a">Newspapers.</subfield><subfield code="2">fast</subfield><subfield code="0">(OCoLC)fst01423814</subfield></datafield><datafield ind1=" " ind2="7" tag="651"><subfield code="a">Minnesota</subfield><subfield code="z">Park Rapids.</subfield><subfield code="2">fast</subfield><subfield code="0">(OCoLC)fst01227917</subfield></datafield><datafield ind1=" " ind2=" " tag="752"><subfield code="a">United States</subfield><subfield code="b">Minnesota</subfield><subfield code="c">Hubbard</subfield><subfield code="d">Park Rapids.</subfield></datafield><datafield ind1="0" ind2="0" tag="780"><subfield code="t">Park Rapids enterprise and Hubbard County journal</subfield><subfield code="w">(DLC)sn 90000632</subfield></datafield></record>